<?xml version="1.0" encoding="UTF-8"?><collection xmlns="http://www.loc.gov/MARC21/slim"><record><leader>00369nam--2200145-i-4500</leader><controlfield tag="001">000047437</controlfield><controlfield tag="002">20161230</controlfield><controlfield tag="005">20170122211922</controlfield><controlfield tag="008">060222s1000------------r-----000-0-eng-d</controlfield><datafield ind1=" " ind2=" " tag="100"><subfield code="a">Wilkes, M. V</subfield></datafield><datafield ind1=" " ind2=" " tag="245"><subfield code="a">Automatic digital computers</subfield></datafield><datafield ind1=" " ind2=" " tag="260"><subfield code="a">London</subfield><subfield code="b">Methuen &amp; Co</subfield><subfield code="c">1956</subfield></datafield><datafield ind1=" " ind2=" " tag="300"><subfield code="a">X+305 p.Cu Fig.+7f.+1 Table</subfield></datafield><datafield ind1=" " ind2=" " tag="852"><subfield code="a">12855</subfield></datafield><datafield ind1=" " ind2=" " tag="CAT"><subfield code="a">SYS</subfield><subfield code="c">20170122</subfield><subfield code="h">211922</subfield></datafield></record></collection>